@article{codexglue,
title={CodeXGLUE: A Machine Learning Benchmark Dataset for Code Understanding and Generation},
author={Shuai Lu, Daya Guo, Shuo Ren},
year={2021},
month={Feb}
}

@article{lamnertoken,
title={LAMNER: Code Comment Generation Using Character Language Model and Named Entity Recognition},
author={Rishab Sharma, Fuxiang Chen, Fatemeh Fard},
year={2022},
month={April},
journal={30th International Conference on Program Comprehension (ICPC ’22), May 16–17, 2022, Virtual Event, USA.  ACM, New York, NY, USA},
volume={10},
pages={12}
}

@article{comformertoken,
title={ComFormer: Code Comment Generation via Transformer and Fusion Method-based Hybrid Code Representation},
author={Guang Yang, Xiang Chen, Jinxin Cao, Shuyuan Xu, Zhanqi Cui, Chi Yu, Ke Liu},
year={2021},
month={July},
volume={10},
pages={12}
}